@online{cobrade2019,
    author = {CENAD},
    title = {Classificação e Codificação Brasileira de Desastres},
    url = {http://www.integracao.gov.br/defesa-civil/centro-nacional-de-gerenciamento-de-riscos-e-desastres-cenad/entenda-os-desastres},
    year = 2019,
    urldate = {2019-03-14}
}

@online{Obox,
    author = {Opinion Box},
    title = { Panorama Mobile Time/Opinion Box – Uso de appsno Brasil - Dezembro de 2018.},
    url = {https://panoramamobiletime.com.br/uso-de-apps-no-brasil-guia-de-servicos-para-apps-dezembro-de-2018/},
    year = 2018,
    urldate = {2019-03-14}
}

@online{IBGEPNAD,
    author = {IBGE},
    title = {Pesquisa Nacional por Amostra de Domicílios Contínua - PNAD Contínua},
    url = {https://www.ibge.gov.br/estatisticas-novoportal/sociais/trabalho/17270-pnad-continua.html?=&t=resultados#2017-acesso-a-internet-e-a-televisao-e-posse-de-telefone-movel-celular-para-uso-pessoal},
    year = 2017,
    urldate = {2019-03-14}
}


@online{cemaden2019,
    author = {CEMADEN},
    title = {Centro Nacional de Monitoramento e Alertas de Desastres Naturais},
    url = {https://www.cemaden.gov.br},
    year = 2019,
    urldate = {2019-03-19}
}

@book{myers1980myers,
  title={Myers-Briggs Type Indicator},
  author={Myers, I.B. and Briggs, K.C.},
  isbn={9780935652062},
  url={https://books.google.com.br/books?id=H-vstwEACAAJ},
  year={1980},
  publisher={Consulting Psychologists Press}
}

@book{schwaber2004agile,
  title={Agile Project Management with Scrum},
  author={Schwaber, K.},
  isbn={9780735619937},
  lccn={2003065178},
  series={Best practices},
  url={https://books.google.com.br/books?id=dJlqJfm8FM4C},
  year={2004},
  publisher={Microsoft Press}
}

