@article{kruchten19954+,
  title={The 4+ 1 view model of architecture},
  author={Kruchten, Philippe B},
  journal={IEEE software},
  volume={12},
  number={6},
  pages={42--50},
  year={1995},
  publisher={IEEE}
}

@online{C4,
    author = { Simon Brown},
    title = { The C4 model for visualising software architecture},
    url = {https://c4model.com/},
    year = 2019,
    urldate = {2019-04-16}
}