@misc{leiPNSB,
    author    = "BRASIL",
    title     = "LEI Nº 12.334, DE 20 DE SETEMBRO DE 2010.",
    year      = "2010",
    url       = "http://www.planalto.gov.br/ccivil_03/_Ato2007-2010/2010/Lei/L12334.htm"
}

@online{SNISB,
  author = {SNISB},
  title = {Sistema Nacional de Informações sobre Segurança de Barragens},
  url = {http://web.archive.org/web/20080207010024/http://www.808multimedia.com/winnt/kernel.htm},
  urldate = {2019-02-27}
}

@misc{PNPDEC,
    author    = "BRASIL",
    title     = "LEI Nº 12.334, DE 20 DE SETEMBRO DE 2010.",
    year      = "2010",
    url       = "http://www.planalto.gov.br/ccivil_03/_Ato2011-2014/2012/Lei/L12608.htm"
}

@misc{PrivDados,
    author    = "BRASIL",
    title     = "LEI Nº 12.608, DE 10 DE ABRIL DE 2012.",
    year      = "2018",
    url       = "http://www.planalto.gov.br/ccivil_03/_Ato2015-2018/2018/Lei/L13709.htm"
}

@misc{transito,
    author    = "BRASIL",
    title     = "Código de Trânsito Brasilero - LEI Nº 9.503, DE 23 DE SETEMBRO DE 1997.",
    year      = "1997",
    url       = "http://www.planalto.gov.br/ccivil_03/LEIS/L9503.htm"
}

@online{ClimaTempo,
    author = {CLIMATEMPO},
    title = {Como se define chuva fraca ou chuva forte},
    url = {https://www.climatempo.com.br/noticia/como-se-define-chuva-fraca-ou-chuva-forte},
    year = 2013,
    urldate = {2019-03-14}
}

@online{COBRADE,
    author = {CENAD},
    title = {Classificação e Codificação Brasileira de Desastres},
    url = {http://www.integracao.gov.br/defesa-civil/centro-nacional-de-gerenciamento-de-riscos-e-desastres-cenad/entenda-os-desastres},
    year = 2019,
    urldate = {2019-03-14}
}

@online{CEMADEN,
    author = {CEMADEN},
    title = {Centro Nacional de Monitoramento e Alertas de Desastres Naturais},
    url = {https://www.cemaden.gov.br},
    year = 2019,
    urldate = {2019-03-19}
}

@book{myers1980myers,
  title={Myers-Briggs Type Indicator},
  author={Myers, I.B. and Briggs, K.C.},
  isbn={9780935652062},
  url={https://books.google.com.br/books?id=H-vstwEACAAJ},
  year={1980},
  publisher={Consulting Psychologists Press}
}

@book{schwaber2004agile,
  title={Agile Project Management with Scrum},
  author={Schwaber, K.},
  isbn={9780735619937},
  lccn={2003065178},
  series={Best practices},
  url={https://books.google.com.br/books?id=dJlqJfm8FM4C},
  year={2004},
  publisher={Microsoft Press}
}

@online{Obox,
    author = {OPINION-BOX},
    title = { Panorama Mobile Time/Opinion Box – Uso de appsno Brasil - Dezembro de 2018.},
    url = {https://panoramamobiletime.com.br/uso-de-apps-no-brasil-guia-de-servicos-para-apps-dezembro-de-2018/},
    year = 2018,
    urldate = {2019-03-14}
}

@online{IBGEPNAD,
    author = {IBGE},
    title = {Pesquisa Nacional por Amostra de Domicílios Contínua - PNAD Contínua},
    Url = {https://www.ibge.gov.br/estatisticas-novoportal/sociais/trabalho/17270-pnad-continua.html?=&t=resultados#2017-acesso-a-internet-e-a-televisao-e-posse-de-telefone-movel-celular-para-uso-pessoal},
    year = 2017,
    Urlaccessdate = {2019-03-14}
}

@book{ieee1994ieee,
  title={IEEE recommended practice for software requirements specifications},
  author={IEEE Computer Society. Software Engineering Technology Committee and Institute of Electrical and Electronics Engineers},
  isbn={9781559373951},
  series={IEEE Std},
  url={https://books.google.com.br/books?id=CnopAQAAMAAJ},
  year={1994},
  publisher={Institute of Electrical and Electronics Engineers}
}


http://www.integracao.gov.br/defesa-civil/centro-nacional-de-gerenciamento-de-riscos-e-desastres-cenad/entenda-os-desastres
% https://www.overleaf.com/learn/latex/Bibliography_management_in_LaTeX

@online{FACEBOOKDEV,
    author = {FACEBOOK},
    title = {Plataform Policy - Facebook for Developers},
    url = {https://developers.facebook.com/policy/},
    year = 2019,
    urldate = {2019-03-19}
}
@online{TWITTERDEV,
    author = {TWITTER},
    title = {Developer Policy - Twitter},
    url = {https://developer.twitter.com/en/developer-terms/policy.html},
    year = 2019,
    urldate = {2019-03-19}
}
%https://developers.google.com/terms/

@online{GOOGLEDEV,
    author = {GOOGLE},
    title = {Google API Terms of Service},
    url = {https://developers.google.com/terms/api-services-user-data-policy},
    year = 2019,
    urldate = {2019-03-19}
}