@article{Medvidovic:2002:MSA:504087.504088,
 author = {Medvidovic, Nenad and Rosenblum, David S. and Redmiles, David F. and Robbins, Jason E.},
 title = {Modeling Software Architectures in the Unified Modeling Language},
 journal = {ACM Trans. Softw. Eng. Methodol.},
 issue_date = {January 2002},
 volume = {11},
 number = {1},
 month = jan,
 year = {2002},
 issn = {1049-331X},
 pages = {2--57},
 numpages = {56},
 url = {http://doi.acm.org/10.1145/504087.504088},
 doi = {10.1145/504087.504088},
 acmid = {504088},
 publisher = {ACM},
 address = {New York, NY, USA},
 keywords = {C2, Object Constraint Language, Rapide, Unified Modeling Language, Wright, formal modeling, object-oriented design, software architecture},
} 